<?xml version="1.0" encoding="UTF-8"?>
<record xmlns="http://www.loc.gov/MARC21/slim" xmlns:xsi="http://www.w3.org/2001/XMLSchema-instance" xsi:schemaLocation="http://www.loc.gov/MARC21/slim http://www.loc.gov/standards/marcxml/schema/MARC21slim.xsd">
<leader>00000cam a22      a 4500</leader>
<controlfield tag="001">000798762</controlfield>
<controlfield tag="003">NNU</controlfield>
<controlfield tag="005">20150603171944.0</controlfield>
<controlfield tag="008">951214s1987    ir h     b    000 0 ara d</controlfield>
<datafield tag="035" ind1=" " ind2=" ">
<subfield code="a">(OCoLC)34031374</subfield>
</datafield>
<datafield tag="040" ind1=" " ind2=" ">
<subfield code="a">PUL</subfield>
<subfield code="b">eng</subfield>
<subfield code="c">PUL</subfield>
<subfield code="d">OCLCQ</subfield>
<subfield code="d">OCLCG</subfield>
<subfield code="d">ZCU</subfield>
<subfield code="d">OCLCA</subfield>
<subfield code="d">OCLCQ</subfield>
<subfield code="d">OCLCO</subfield>
<subfield code="d">OCLCA</subfield>
<subfield code="d">OCLCQ</subfield>
<subfield code="d">OCLCF</subfield>
<subfield code="d">NNU</subfield>
</datafield>
<datafield tag="050" ind1=" " ind2="4">
<subfield code="a">KBL</subfield>
<subfield code="b">.M823 1987</subfield>
</datafield>
<datafield tag="100" ind1="1" ind2=" ">
<subfield code="6">880-01</subfield>
<subfield code="a">Mudarris, Ḥasan,</subfield>
<subfield code="d">1870 or 1871-1937.</subfield>
</datafield>
<datafield tag="245" ind1="1" ind2="3">
<subfield code="6">880-02</subfield>
<subfield code="a">al-Rasāʼil al-fiqhīyah /</subfield>
<subfield code="c">[taʼlīf Ḥasan al-Mudarris ; taḥqīq Abū al-Faḍl al-Shakūrī].</subfield>
</datafield>
<datafield tag="250" ind1=" " ind2=" ">
<subfield code="6">880-03</subfield>
<subfield code="a">al-Ṭabʻah 1.</subfield>
</datafield>
<datafield tag="260" ind1=" " ind2=" ">
<subfield code="6">880-04</subfield>
<subfield code="a">[Qum?] :</subfield>
<subfield code="b">Lajnat Takrīm al-Dhikrá al-Sanawīyah al-Khamsīn li-Shahādat Āyat Allāh al-Sayyid Ḥasan al-Mudarris,</subfield>
<subfield code="c">1408 [1987 or 1988]</subfield>
</datafield>
<datafield tag="300" ind1=" " ind2=" ">
<subfield code="a">119 pages :</subfield>
<subfield code="b">facsimiles ;</subfield>
<subfield code="c">25 cm</subfield>
</datafield>
<datafield tag="336" ind1=" " ind2=" ">
<subfield code="a">text</subfield>
<subfield code="b">txt</subfield>
<subfield code="2">rdacontent</subfield>
</datafield>
<datafield tag="337" ind1=" " ind2=" ">
<subfield code="a">unmediated</subfield>
<subfield code="b">n</subfield>
<subfield code="2">rdamedia</subfield>
</datafield>
<datafield tag="338" ind1=" " ind2=" ">
<subfield code="a">volume</subfield>
<subfield code="b">nc</subfield>
<subfield code="2">rdacarrier</subfield>
</datafield>
<datafield tag="504" ind1=" " ind2=" ">
<subfield code="a">Includes bibliographical references.</subfield>
</datafield>
<datafield tag="650" ind1=" " ind2="0">
<subfield code="a">Islamic law.</subfield>
</datafield>
<datafield tag="650" ind1=" " ind2="7">
<subfield code="a">Islamic law.</subfield>
<subfield code="2">fast</subfield>
<subfield code="0">(OCoLC)fst00979949</subfield>
</datafield>
<datafield tag="700" ind1="1" ind2=" ">
<subfield code="a">Shakūrī, Abū al-Faz̤l</subfield>
<subfield code="6">880-05</subfield>
</datafield>
<datafield tag="880" ind1="1" ind2=" ">
<subfield code="6">100-01/</subfield>
<subfield code="a">مدرس، حسن،</subfield>
<subfield code="d">1870 or 1871-1937.</subfield>
</datafield>
<datafield tag="880" ind1="1" ind2="2">
<subfield code="6">245-02/</subfield>
<subfield code="a">الرسائل الفقهية /</subfield>
<subfield code="c">[تأليف حسن المدرس ؛ تحقيق ابو الفضل الشكوري].</subfield>
</datafield>
<datafield tag="880" ind1=" " ind2=" ">
<subfield code="6">250-03/</subfield>
<subfield code="a">الطبعة 1.</subfield>
</datafield>
<datafield tag="880" ind1=" " ind2=" ">
<subfield code="6">260-04/</subfield>
<subfield code="a">[قم؟] :</subfield>
<subfield code="b">لجنة تكريم الذكرى السنوية الخمسين لشهادة آية الله السيد حسن المدرس،</subfield>
<subfield code="c">1408 [1987 or 1988]</subfield>
</datafield>
<datafield tag="880" ind1="1" ind2=" ">
<subfield code="6">700-05/</subfield>
<subfield code="a">شکورى، ابو الفضل.</subfield>
</datafield>
<datafield tag="OWN" ind1=" " ind2=" ">
<subfield code="a">GENERAL</subfield>
</datafield>
<datafield tag="AVA" ind1=" " ind2=" ">
<subfield code="a">NYU50</subfield>
<subfield code="b">BOBST</subfield>
<subfield code="c">Main Collection</subfield>
<subfield code="d">BP145 .M83 1987</subfield>
<subfield code="e">unavailable</subfield>
<subfield code="t">Unavailable</subfield>
<subfield code="f">1</subfield>
<subfield code="g">1</subfield>
<subfield code="h">N</subfield>
<subfield code="i">0</subfield>
<subfield code="j">MAIN</subfield>
<subfield code="k">0</subfield>
</datafield>
</record>
